
@article{article,
author = {Urrea, Claudio and Kern, John},
year = {2011},
month = {03},
pages = {29-38},
title = {A New Model for Analog Servo Motors. Simulations and Experimental Results},
volume = {2}
}
